@book{RoyH2004,
  added-at = {2004-04-23T00:00:00.000+0200},
  author = {Roy, Peter Van and Haridi, Seif},
  biburl = {http://www.bibsonomy.org/bibtex/2cc434893717a89bc8a5b609a51d5d17a/dblp},
  date = {2004-04-23},
  description = {dblp},
  interhash = {22f2987e9e74959d32423f61708e1e1a},
  intrahash = {cc434893717a89bc8a5b609a51d5d17a},
  isbn = {0-262-22069-5},
  keywords = {dblp},
  publisher = {MIT Press},
  timestamp = {2004-04-23T00:00:00.000+0200},
  title = {Concepts, Techniques, and Models of Computer Programming},
  url = {http://www.info.ucl.ac.be/people/PVR/book.html},
  year = 2004
}
